@misc{mafiaWikipedia,
	author = {},
	title = {{M}afia (gioco) - {W}ikipedia --- it.wikipedia.org},
	howpublished = {\url{https://it.wikipedia.org/wiki/Mafia_(gioco)}},
	year = {},
}

@misc{p2pWikipedia,
	author = {},
	title = {{P}eer-to-peer - {W}ikipedia --- it.wikipedia.org},
	howpublished = {\url{https://it.wikipedia.org/wiki/Peer-to-peer}},
	year = {},
}

@misc{meanWikipedia,
        author = {},
	title = {{M}{E}{A}{N} (solution stack) - {W}ikipedia --- en.wikipedia.org},
	howpublished = {\url{https://en.wikipedia.org/wiki/MEAN_(solution_stack)}},
	year = {},
}

@misc{mongodbMERN,
	author = {},
	title = {{H}ow {T}o {U}se {M}{E}{R}{N} {S}tack: {A} {C}omplete {G}uide --- mongodb.com},
	howpublished = {\url{https://www.mongodb.com/languages/mern-stack-tutorial}},
	year = {},
}

@misc{nodejsWikipedia,
	author = {},
	title = {{N}ode.js - {W}ikipedia --- it.wikipedia.org},
	howpublished = {\url{https://it.wikipedia.org/wiki/Node.js}},
	year = {},
}

@misc{nodejs,
	author = {OpenJS Foundation},
	title = {{N}ode.js --- nodejs.org},
	howpublished = {\url{https://nodejs.org/en/}},
	year = {},
}

@misc{express,
	author = {OpenJS Foundation},
	title = {{E}xpress - {N}ode.js web application framework --- expressjs.com},
	howpublished = {\url{https://expressjs.com/}},
	year = {},
}

@misc{npmDoc,
        author = {npm Inc.},
        title = {npm | npm {D}ocs --- docs.npmjs.com},
	howpublished = {\url{https://docs.npmjs.com/cli/v6/commands/npm}},
	year = {},
}

@misc{reactDoc,
	author = {Facebook Inc.},
	title = {{P}rimi {P}assi – {R}eact --- it.reactjs.org},
	howpublished = {\url{https://it.reactjs.org/docs/getting-started.html}},
	year = {},
}

@misc{reactweb,
	author = {},
	title = {{R}eact (web framework) - {W}ikipedia --- it.wikipedia.org},
	howpublished = {\url{https://it.wikipedia.org/wiki/React_(web_framework)}},
	year = {},
}

@misc{introduzione_jsx_react,
	author = {Facebook Inc.},
	title = {{I}ntroduzione a {J}{S}{X} – {R}eact --- it.reactjs.org},
	howpublished = {\url{https://it.reactjs.org/docs/introducing-jsx.html}},
	year = {},
}

@misc{componente_react,
	author = {Facebook Inc.},
	title = {{C}omponenti e {P}rops – {R}eact --- it.reactjs.org},
	howpublished = {\url{https://it.reactjs.org/docs/components-and-props.html}},
	year = {},
}

@misc{state_e_lifecycle_react,
	author = {facebook Inc.},
	title = {{S}tate e {L}ifecycle – {R}eact --- it.reactjs.org},
	howpublished = {\url{https://it.reactjs.org/docs/state-and-lifecycle.html}},
	year = {},
}


@misc{caratteristiche_redux,
	author = {Dan Abramov and the Redux documentation authors},
	title = {{R}edux - {A} predictable state container for {J}ava{S}cript apps. | {R}edux --- redux.js.org},
	howpublished = {\url{https://redux.js.org/}},
	year = {},
}

@misc{store_redux,
	author = {Dan Abramov and the Redux documentation authors},
	title = {{R}edux {F}undamentals, {P}art 4: {S}tore | {R}edux --- redux.js.org},
	howpublished = {\url{https://redux.js.org/tutorials/fundamentals/part-4-store}},
	year = {},
}

@misc{reducer_redux,
	author = {Dan Abramov and the Redux documentation authors},
	title = {{R}edux {F}undamentals, {P}art 3: {S}tate, {A}ctions, and {R}educers | {R}edux --- redux.js.org},
	howpublished = {\url{https://redux.js.org/tutorials/fundamentals/part-3-state-actions-reducers}},
	year = {},
}

@misc{azioni_redux,
	author = {Dan Abramov and the Redux documentation authors},
	title = {{R}edux {F}undamentals, {P}art 2: {C}oncepts and {D}ata {F}low | {R}edux --- redux.js.org},
	howpublished = {\url{https://redux.js.org/tutorials/fundamentals/part-2-concepts-data-flow}},
	year = {},
}

@misc{bootstrap,
	author = {Mark Otto{,} Jacob Thornton{,} and Bootstrap contributors},
	title = {{B}ootstrap --- getbootstrap.com},
	howpublished = {\url{https://getbootstrap.com/}},
	year = {},
}

@misc{bootstrapDoc,
	author = {Mark Otto{,} Jacob Thornton{,} and Bootstrap contributors},
	title = {{G}et started with {B}ootstrap --- getbootstrap.com},
	howpublished = {\url{https://getbootstrap.com/docs/5.3/getting-started/introduction/}},
	year = {},
}

@misc{peerjs,
	author = {},
	title = { {P}eer{J}{S} - {S}imple peer-to-peer with {W}eb{R}{T}{C}  --- peerjs.com},
	howpublished = {\url{https://peerjs.com/}},
	year = {},
}

@misc{ngrok,
	author = {},
	title = {{O}verview | ngrok documentation --- ngrok.com},
	howpublished = {\url{https://ngrok.com/docs/}},
	year = {},
}

@misc{mongoosejs,
	author = {},
	title = {{M}ongoose v8.1.2: {S}chemas --- mongoosejs.com},
	howpublished = {\url{https://mongoosejs.com/docs/guide.html}},
	year = {},
}

@misc{socketIO,
	author = {},
	title = {{I}ntroduction | {S}ocket.{I}{O} --- socket.io},
	howpublished = {\url{https://socket.io/docs/v4/}},
	year = {},
}

@misc{socketIOMiddlewares,
	author = {},
	title = {{M}iddlewares | {S}ocket.{I}{O} --- socket.io},
	howpublished = {\url{https://socket.io/docs/v4/middlewares/}},
	year = {},
}

@misc{socketIORooms,
	author = {},
	title = {{R}ooms | {S}ocket.{I}{O} --- socket.io},
	howpublished = {\url{https://socket.io/docs/v4/rooms/}},
	year = {},
}

@misc{i18next,
	author = {},
	title = {{I}ntroduction --- react.i18next.com},
	howpublished = {\url{https://react.i18next.com/}},
	year = {},
}
@misc{internationalizationWikipedia,
	author = {},
	title = {{I}nternationalization and localization - {W}ikipedia --- en.wikipedia.org},
	howpublished = {\url{https://en.wikipedia.org/wiki/Internationalization_and_localization}},
	year = {},
}
@misc{gitHubreactghpages,
	author = {},
	title = {{G}it{H}ub - gitname/react-gh-pages: {D}eploying a {R}eact {A}pp (created using create-react-app) to {G}it{H}ub {P}ages --- github.com},
	howpublished = {\url{https://github.com/gitname/react-gh-pages}},
	year = {},
}

@misc{npmjsBcrypt,
	author = {},
	title = {bcrypt --- npmjs.com},
	howpublished = {\url{https://www.npmjs.com/package/bcrypt}},
	year = {},
}

@misc{bcryptWikipedia,
	author = {},
	title = {bcrypt - {W}ikipedia --- en.wikipedia.org},
	howpublished = {\url{https://en.wikipedia.org/wiki/Bcrypt}},
	year = {},
}

@misc{npmjsReactnotifications,
	author = {},
	title = {react-notifications --- npmjs.com},
	howpublished = {\url{https://www.npmjs.com/package/react-notifications}},
	year = {},
}

@misc{githubGitHubReduxjsreduxdevtools,
	author = {},
	title = {{G}it{H}ub - reduxjs/redux-devtools: {D}ev{T}ools for {R}edux with hot reloading, action replay, and customizable {U}{I} --- github.com},
	howpublished = {\url{https://github.com/reduxjs/redux-devtools}},
	year = {},
}

@misc{dequeDevToolsDeveloper,
	author = {},
	title = {axe {D}ev{T}ools | {D}eveloper {T}ools for {A}ccessibility {T}esting --- deque.com},
	howpublished = {\url{https://www.deque.com/axe/devtools/}},
	year = {},
}

@misc{githubLighthouse,
	author = {},
	title = {{G}it{H}ub - {G}oogle{C}hrome/lighthouse: {A}utomated auditing, performance metrics, and best practices for the web. --- github.com},
	howpublished = {\url{https://github.com/GoogleChrome/lighthouse}},
	year = {},
}